% This file was created with JabRef 2.9.2.
% Encoding: ISO8859_1

% Order alphabetically

@article{Baroni2011,
author = {Baroni, Marco and Lenci, Alessandro},
isbn = {978-1-937284-16-9},
journal = {GEMS '11 Proceedings of the GEMS 2011 Workshop on GEometrical Models of Natural Language Semantics},
pages = {1--10},
title = {{How we BLESSed distributional semantic evaluation}},
url = {http://dl.acm.org/citation.cfm?id=2140490.2140491{\%}5Cnhttps://pdfs.semanticscholar.org/fc56/bb5958f1b7c1ba86d9869ab9e54810a12e72.pdf},
year = {2011}
}


@article{camacho2017we,
  title={Why we have switched from building full-fledged taxonomies to simply detecting hypernymy relations},
  author={Camacho-Collados, Jose},
  journal={arXiv preprint arXiv:1703.04178},
  year={2017}
}

@inproceedings{camacho2018semeval,
  title={SemEval-2018 Task 9: Hypernym Discovery},
  author={Camacho-Collados, Jose and Bovi, Claudio Delli and Anke, Luis Espinosa and Oramas, Sergio and Pasini, Tommaso and Santus, Enrico and Shwartz, Vered and Navigli, Roberto and Saggion, Horacio},
  booktitle={Proceedings of The 12th International Workshop on Semantic Evaluation},
  pages={712--724},
  year={2018}
}

@article{hua2017understand,
  title={Understand short texts by harvesting and analyzing semantic knowledge},
  author={Hua, Wen and Wang, Zhongyuan and Wang, Haixun and Zheng, Kai and Zhou, Xiaofang},
  journal={IEEE transactions on Knowledge and data Engineering},
  volume={29},
  number={3},
  pages={499--512},
  year={2017},
  publisher={IEEE}
}

@book{Jurafsky2009,
author = {Jurafsky, Dan and Martin, James H},
booktitle = {Speech and language processing: An introduction to natural language processing, computational linguistics, and speech recognition},
edition = {2nd Edition},
pages = {650--658},
publisher = {Prentice Hall, Pearson Education International},
title = {{Speech and Language Processing}},
year = {2009}
}

@inproceedings{kluyver2016jupyter,
  title={Jupyter Notebooks-a publishing format for reproducible computational workflows.},
  author={Kluyver, Thomas and Ragan-Kelley, Benjamin and P{\'e}rez, Fernando and Granger, Brian E and Bussonnier, Matthias and Frederic, Jonathan and Kelley, Kyle and Hamrick, Jessica B and Grout, Jason and Corlay, Sylvain and others},
  booktitle={ELPUB},
  pages={87--90},
  year={2016}
}

@inproceedings{mikolov2013distributed,
  title={Distributed representations of words and phrases and their compositionality},
  author={Mikolov, Tomas and Sutskever, Ilya and Chen, Kai and Corrado, Greg S and Dean, Jeff},
  booktitle={Advances in neural information processing systems},
  pages={3111--3119},
  year={2013}
}

@article{miller1990introduction,
  title={Introduction to WordNet: An on-line lexical database},
  author={Miller, George A and Beckwith, Richard and Fellbaum, Christiane and Gross, Derek and Miller, Katherine J},
  journal={International journal of lexicography},
  volume={3},
  number={4},
  pages={235--244},
  year={1990},
  publisher={Oxford University Press}
}

@article{Miller1995,
abstract = {This database links English nouns, verbs, adjectives, and adverbs to sets of synonims that are in turn link through semantic relations that determine word definitions.},
author = {Miller, George A.},
journal = {Communications of the ACM},
number = {11},
pages = {39--41},
title = {{WordNet: a lexical database for English}},
volume = {38},
year = {1995}
}

@inproceedings{nguyen2017hierarchical,
  title={Hierarchical Embeddings for Hypernymy Detection and Directionality},
  author={Nguyen, Kim Anh and K{\"o}per, Maximilian and im Walde, Sabine Schulte and Vu, Ngoc Thang},
  booktitle={Proceedings of the 2017 Conference on Empirical Methods in Natural Language Processing},
  pages={233--243},
  year={2017}
}

@inproceedings{santus2015evalution,
  title={Evalution 1.0: an evolving semantic dataset for training and evaluation of distributional semantic models},
  author={Santus, Enrico and Yung, Frances and Lenci, Alessandro and Huang, Chu-Ren},
  booktitle={Proceedings of the 4th Workshop on Linked Data in Linguistics: Resources and Applications},
  pages={64--69},
  year={2015}
}

@inproceedings{shwartz2017siege,
  title={Hypernyms under Siege: Linguistically-motivated Artillery for Hypernymy Detection},
  author={Shwartz, Vered and Santus, Enrico and Schlechtweg, Dominik},
  booktitle={Proceedings of the 15th Conference of the European Chapter of the Association for Computational Linguistics: Volume 1, Long Papers},
  volume={1},
  pages={65--75},
  year={2017}
}

@article{shwartz2016path,
  title={Improving hypernymy detection with an integrated path-based and distributional method},
  author={Shwartz, Vered and Goldberg, Yoav and Dagan, Ido},
  journal={arXiv preprint arXiv:1603.06076},
  year={2016}
}

@inproceedings{weeds2014learning,
  title={Learning to distinguish hypernyms and co-hyponyms},
  author={Weeds, Julie and Clarke, Daoud and Reffin, Jeremy and Weir, David and Keller, Bill},
  booktitle={Proceedings of COLING 2014, the 25th International Conference on Computational Linguistics: Technical Papers},
  pages={2249--2259},
  year={2014},
  organization={Dublin City University and Association for Computational Linguistics}
}

@inproceedings{wu2012probase,
  title={Probase: A probabilistic taxonomy for text understanding},
  author={Wu, Wentao and Li, Hongsong and Wang, Haixun and Zhu, Kenny Q},
  booktitle={Proceedings of the 2012 ACM SIGMOD International Conference on Management of Data},
  pages={481--492},
  year={2012},
  organization={ACM}
}


@inproceedings{yang2017efficiently,
  title={Efficiently Answering Technical Questions-A Knowledge Graph Approach.},
  author={Yang, Shuo and Zou, Lei and Wang, Zhongyuan and Yan, Jun and Wen, Ji-Rong},
  booktitle={AAAI},
  pages={3111--3118},
  year={2017}
}






