% This file was created with JabRef 2.9.2.
% Encoding: ISO8859_1

% Order alphabetically

@inproceedings{bernier2018crim,
  title={CRIM at SemEval-2018 Task 9: A Hybrid Approach to Hypernym Discovery},
  author={Bernier-Colborne, Gabriel and Barri√®re, Caroline},
  booktitle={Proceedings of The 12th International Workshop on Semantic Evaluation},
  pages={725--731},
  year={2018}
}

@inproceedings{bordea2016semeval,
  title={Semeval-2016 task 13: Taxonomy extraction evaluation (texeval-2)},
  author={Bordea, Georgeta and Lefever, Els and Buitelaar, Paul},
  booktitle={Proceedings of the 10th International Workshop on Semantic Evaluation (SemEval-2016)},
  pages={1081--1091},
  year={2016}
}

@inproceedings{faralli2018misa,
  title={MIsA: Multilingual" IsA" Extraction from Corpora},
  author={Faralli, Stefano and Lefever, Els and Paolo Ponzetto, Simone},
  booktitle={the Eleventh International Conference on Language Resources and Evaluation (LREC 2018)},
  pages={2040--2044},
  year={2018},
  organization={European Language Resources Association (ELRA)}
}

@article{Flati2016,
author = {Flati, Tiziano and Vannella, Daniele and Pasini, Tommaso and Navigli, Roberto},
doi = {10.1016/j.artint.2016.08.004},
isbn = {0004-3702},
issn = {00043702},
journal = {Artificial Intelligence},
keywords = {Collaborative resources,Machine learning,Natural language processing,Taxonomy extraction,Taxonomy induction,Wikipedia},
pages = {66--102},
publisher = {Elsevier B.V.},
title = {{MultiWiBi: The multilingual Wikipedia bitaxonomy project}},
url = {http://dx.doi.org/10.1016/j.artint.2016.08.004},
volume = {241},
year = {2016}
}


@inproceedings{Fu2014,
author = {Fu, Ruiji and Guo, Jiang and Qin, Bing and Che, Wanxiang and Wang, Haifeng and Liu, Ting},
booktitle = {Proceedings of the 52nd Annual Meeting of the Association for Computational Linguistics (Volume 1: Long Papers)},
doi = {10.3115/v1/P14-1113},
isbn = {9781937284725},
pages = {1199--1209},
pmid = {1626155},
title = {{Learning Semantic Hierarchies via Word Embeddings}},
url = {http://www.aclweb.org/anthology/P14-1113 http://aclweb.org/anthology/P14-1113},
year = {2014}
}

@book{grolier1990academic,
  title={Academic American encyclopedia},
  author={Grolier Incorporated},
  series={Academic American Encyclopedia},  
  year={1990},
  publisher={Grolier Electronic Publishing}
}

@inproceedings{hearst1992automatic,
  title={Automatic acquisition of hyponyms from large text corpora},
  author={Hearst, Marti A},
  booktitle={Proceedings of the 14th conference on Computational linguistics-Volume 2},
  pages={539--545},
  year={1992},
  organization={Association for Computational Linguistics}
}

@inproceedings{kozareva2010semi,
  title={A semi-supervised method to learn and construct taxonomies using the web},
  author={Kozareva, Zornitsa and Hovy, Eduard},
  booktitle={Proceedings of the 2010 conference on empirical methods in natural language processing},
  pages={1110--1118},
  year={2010},
  organization={Association for Computational Linguistics}
}

@inproceedings{ritter2009anyway,
  title={What Is This, Anyway: Automatic Hypernym Discovery.},
  author={Ritter, Alan and Soderland, Stephen and Etzioni, Oren},
  booktitle={AAAI Spring Symposium: Learning by Reading and Learning to Read},
  pages={88--93},
  year={2009}
}

@article{roller2018hearst,
  title={Hearst Patterns Revisited: Automatic Hypernym Detection from Large Text Corpora},
  author={Roller, Stephen and Kiela, Douwe and Nickel, Maximilian},
  journal={arXiv preprint arXiv:1806.03191},
  year={2018}
}

@inproceedings{rydin2002building,
  title={Building a hyponymy lexicon with hierarchical structure},
  author={Rydin, Sara},
  booktitle={Proceedings of the ACL-02 workshop on Unsupervised lexical acquisition-Volume 9},
  pages={26--33},
  year={2002},
  organization={Association for Computational Linguistics}
}

@article{sahin2016extraction,
  title={Extraction of Turkish Semantic Relation Pairs using Corpus Analysis Tool},
  author={Sahin, Gurkan and Diri, Banu and Yildiz, Tugba},
  journal={Extraction},
  volume={5},
  number={06},
  year={2016}
}

@article{sahin2017,
author = {Sahin, Gurkan},
doi = {10.5121/ijnlc.2017.6201},
issn = {23194111},
journal = {International Journal on Natural Language Computing},
number = {2},
pages = {1--18},
title = {{Extraction of Hyponymy, Meronymy and Antonymy Relation Pairs : A Brief Survey}},
url = {http://aircconline.com/ijnlc/V6N2/6217ijnlc01.pdf},
volume = {6},
year = {2017}
}

@article{Snow2004,
author = {Snow, Rion and Jurafsky, Daniel and Ng, Andrew Y.},
doi = {10.1136/amiajnl-2011-000376},
isbn = {0262195348},
issn = {10495258},
journal = {Advances in Neural Information Processing Systems 17},
pages = {1297--1304},
pmid = {22037893},
title = {{Learning syntactic patterns for automatic hypernym discovery}},
url = {http://books.nips.cc/papers/files/nips17/NIPS2004{\_}0887.pdf},
volume = {17},
year = {2004}
}


@article{Wang2017,
author = {Wang, Chengyu and He, Xiaofeng and Zhou, Aoying},
journal = {Proceedings of the 2017 Conference on Empirical Methods in Natural Language Processing},
pages = {1201--1214},
title = {{A Short Survey on Taxonomy Learning from Text Corpora: Issues, Resources and Recent Advances}},
url = {https://aclanthology.coli.uni-saarland.de/papers/D17-1124/d17-1124},
year = {2017}
}

@inproceedings{wu2012probase,
  title={Probase: A probabilistic taxonomy for text understanding},
  author={Wu, Wentao and Li, Hongsong and Wang, Haixun and Zhu, Kenny Q},
  booktitle={Proceedings of the 2012 ACM SIGMOD International Conference on Management of Data},
  pages={481--492},
  year={2012},
  organization={ACM}
}
